<record xmlns="http://www.loc.gov/MARC21/slim" xmlns:xsi="http://www.w3.org/2001/XMLSchema-instance" xsi:schemaLocation="http://www.loc.gov/MARC21/slim http://www.loc.gov/standards/marcxml/schema/MARC21slim.xsd">

  <leader>00522nam a2200169Ia 4500</leader>
  <controlfield tag="008">150715b1989    u  ||||| |||| 00| | en  d</controlfield>
  <datafield ind2=" " ind1=" " tag="020">
    <subfield code="a">0816617775</subfield>
  </datafield>
  <datafield tag="090" ind1=" " ind2=" ">
    <subfield code="a">05.01.01 </subfield>
    <subfield code="b">2015</subfield>
  </datafield>
  <datafield ind2=" " ind1="1" tag="100">
    <subfield code="a">Fraser, Nancy</subfield>
    <subfield code="9">334</subfield>
  </datafield>
  <datafield ind2="0" tag="245" ind1="1">
    <subfield code="a">Unruly practices : practices, discourse and gender in contemporary social theory / </subfield>
    <subfield code="c">Nancy Fraser</subfield>
  </datafield>
  <datafield ind2=" " tag="260" ind1=" ">
    <subfield code="a">Minneapolis : </subfield>
    <subfield code="b">Universidad de Minnesota, </subfield>
    <subfield code="c">1989</subfield>
  </datafield>
  <datafield ind2=" " tag="300" ind1=" ">
    <subfield code="a">201 páginas</subfield>
  </datafield>
  <datafield tag="650" ind1="1" ind2="4">
    <subfield code="a">SOCIOLOGÍA</subfield>
    <subfield code="9">335</subfield>
  </datafield>
  <datafield ind2="4" tag="650" ind1="1">
    <subfield code="a">FILOSOFÍA</subfield>
    <subfield code="9">336</subfield>
  </datafield>
  <datafield ind1="1" tag="650" ind2="4">
    <subfield code="a">FEMINISMO</subfield>
    <subfield code="9">324</subfield>
  </datafield>
  <datafield ind2=" " tag="942" ind1=" ">
    <subfield code="2">z</subfield>
    <subfield code="c">01</subfield>
  </datafield>
  <datafield tag="999" ind1=" " ind2=" ">
    <subfield code="c">41</subfield>
    <subfield code="d">41</subfield>
  </datafield>
</record>